%% This BibTeX bibliography file was created using BibDesk.
%% http://bibdesk.sourceforge.net/

%% Created for Bohyung Han at 2019-09-16 10:24:00 +0900 


%% Saved with string encoding Unicode (UTF-8) 

@inproceedings{progressive,
  title={Progressive distillation for fast sampling of diffusion models},
  author={Salimans, Tim and Ho, Jonathan},
  booktitle={ICLR},
  year={2022}
}

@inproceedings{ddim,
  title={Denoising diffusion implicit models},
  author={Song, Jiaming and Meng, Chenlin and Ermon, Stefano},
  booktitle={ICLR},
  year={2021}
}